@Comment{MY RESEARCH REFERENCES}
@software{LUCAFleet,
  author = {{Telefónica Tech S.A.}},
  title = {LUCA Fleet},
  url = {https://luca-d3.com/products-services/business-insights/iot},
  version = {4.0.0},
  date = {2020-12-17}
}

@software{LUCAComms,
  author = {{Telefónica Tech S.A.}},
  title = {LUCA Comms},
  url = {https://luca-d3.com/products-services/business-insights/comms},
  version = {4.1.0},
  date = {2021-01-19}
}

@misc{patent2020fleet,
    author = {Alberto Barbado, and Pedro A. Alonso Baigorri, and Federico Perez, and Raquel Crespo, and Daniel Garcia},
    title = {Método y Programas de Ordenador para Gestión de Flotas de Vehículos},
    year = {2021},
    note = {ES Patent, WO2021260246A1}
    }
    
@misc{patent2019comms,
    author = {Alberto Barbado, and Pedro A. Alonso Baigorri, and Federico Perez, and Raquel Crespo, and Álvaro Sánchez},
    title = {Métodos para Detectar Anomalías en Comunicaciones de Datos},
    year = {2021},
    note = {ES Patent, WO2021014029A1}
    }
    
@article{barbado2021anomaly,
    title = {Interpretable machine learning models for predicting and explaining vehicle fuel consumption anomalies},
    journal = {Engineering Applications of Artificial Intelligence},
    volume = {115},
    pages = {105222},
    year = {2022},
    issn = {0952-1976},
    doi = {https://doi.org/10.1016/j.engappai.2022.105222},
    url = {https://www.sciencedirect.com/science/article/pii/S0952197622003049},
    author = {Alberto Barbado and Óscar Corcho}
}

@article{krzywinski2014visualizing,
  title={Visualizing samples with box plots.},
  author={Krzywinski, Martin and Altman, Naomi},
  journal={Nature methods},
  volume={11},
  number={2},
  pages={119--120},
  year={2014}
}

@article{rakha2011virginia,
  title={Virginia tech comprehensive power-based fuel consumption model: model development and testing},
  author={Rakha, Hesham A and Ahn, Kyoungho and Moran, Kevin and Saerens, Bart and Van den Bulck, Eric},
  journal={Transportation Research Part D: Transport and Environment},
  volume={16},
  number={7},
  pages={492--503},
  year={2011},
  publisher={Elsevier}
}

@article{schuster2015lithium,
  title={Lithium-ion cell-to-cell variation during battery electric vehicle operation},
  author={Schuster, Simon F and Brand, Martin J and Berg, Philipp and Gleissenberger, Markus and Jossen, Andreas},
  journal={Journal of Power Sources},
  volume={297},
  pages={242--251},
  year={2015},
  publisher={Elsevier}
}

@inproceedings{yin2019voltage,
  title={Voltage Fault Diagnosis of Power Batteries based on Boxplots and Gini Impurity for Electric Vehicles},
  author={Yin, Hao and Wang, Zhenpo and Liu, Peng and Zhang, Zhaosheng and Li, Yang},
  booktitle={2019 Electric Vehicles International Conference (EV)},
  pages={1--5},
  year={2019},
  organization={IEEE}
}

@article{barbado2021understanding,
  title={Understanding Factors Affecting Fuel Consumption of Vehicles Through Explainable AI: A Use Case With Explainable Boosting Machines},
  author={Barbado, Alberto and Corcho, {\'O}scar},
  journal={arXiv e-prints},
  pages={arXiv--2107},
  year={2021}
}

@article{mcgill1978variations,
  title={Variations of box plots},
  author={McGill, Robert and Tukey, John W and Larsen, Wayne A},
  journal={The American Statistician},
  volume={32},
  number={1},
  pages={12--16},
  year={1978},
  publisher={Taylor \& Francis Group}
}

@article{barbado2022rule,
title = {Rule extraction in unsupervised anomaly detection for model explainability: Application to OneClass SVM},
journal = {Expert Systems with Applications},
volume = {189},
pages = {116100},
year = {2022},
issn = {0957-4174},
doi = {https://doi.org/10.1016/j.eswa.2021.116100},
url = {https://www.sciencedirect.com/science/article/pii/S0957417421014329},
author = {Alberto Barbado and Óscar Corcho and Richard Benjamins}
}

@article{arrieta2020explainable,
  title={Explainable Artificial Intelligence (XAI): Concepts, taxonomies, opportunities and challenges toward responsible AI},
  author={Arrieta, Alejandro Barredo and D{\'\i}az-Rodr{\'\i}guez, Natalia and Del Ser, Javier and Bennetot, Adrien and Tabik, Siham and Barbado, Alberto and Garc{\'\i}a, Salvador and Gil-L{\'o}pez, Sergio and Molina, Daniel and Benjamins, Richard and others},
  journal={Information Fusion},
  volume={58},
  pages={82--115},
  year={2020},
  publisher={Elsevier},
  url = {https://www.sciencedirect.com/science/article/pii/S1566253519308103},
  doi = {https://doi.org/10.1016/j.inffus.2019.12.012}
}

@INPROCEEDINGS{benjamins2019responsible,
  title = {Responsible AI by design in practice},
  author = {Benjamins, Richard and Barbado, Alberto and Sierra, Daniel},
  booktitle = {Proceedings of the Human-Centered AI: Trustworthiness of AI Models \& Data (HAI) track at AAAI Fall Symposium, DC},
  url = {https://arxiv.org/html/2001.05375},
  month={11},
  year={2019}
}

@misc{Barbado2019,
  author = {Barbado, Alberto},
  title = {Rule extraction in unsupervised outlier detection for {XAI}},
  year = {2019},
  publisher = {GitHub},
  journal = {GitHub repository},
  howpublished = {\url{https://github.com/AlbertoBarbado/unsupervised-outlier-transparency}},
  commit = {7d6496bb2f1c1275d5a42ff41f1778b1d7ff28cd}
}


@Comment{CORE PAPERS}
@book{molnar2019interpretable,
  title={Interpretable machine learning},
  author={Molnar, Christoph},
  year={2019},
  url={https://christophm.github.io/interpretable-ml-book/},
  publisher={Lulu.com}
}

@article{beckh2021explainable,
  title={Explainable Machine Learning with Prior Knowledge: An Overview},
  author={Beckh, Katharina and M{\"u}ller, Sebastian and Jakobs, Matthias and Toborek, Vanessa and Tan, Hanxiao and Fischer, Raphael and Welke, Pascal and Houben, Sebastian and von Rueden, Laura},
  journal={arXiv preprint arXiv:2105.10172},
  year={2021}
}

@book{conover1998practical,
  title={Practical nonparametric statistics},
  author={Conover, William Jay},
  volume={350},
  year={1998},
  publisher={John Wiley \& Sons}
}

@article{demvsar2006statistical,
  title={Statistical comparisons of classifiers over multiple data sets},
  author={Dem{\v{s}}ar, Janez},
  journal={The Journal of Machine Learning Research},
  volume={7},
  pages={1--30},
  year={2006},
  publisher={JMLR. org}
}

@article{chandola2009anomaly,
  title={Anomaly detection: A survey},
  author={Chandola, Varun and Banerjee, Arindam and Kumar, Vipin},
  journal={ACM computing surveys (CSUR)},
  volume={41},
  number={3},
  pages={1--58},
  year={2009},
  publisher={ACM New York, NY, USA}
}

@article{chalapathy2019deep,
  title={Deep learning for anomaly detection: A survey},
  author={Chalapathy, Raghavendra and Chawla, Sanjay},
  journal={arXiv preprint arXiv:1901.03407},
  year={2019}
}

@book{andersen2006root,
  title={Root cause analysis: simplified tools and techniques},
  author={Andersen, Bj{\o}rn and Fagerhaug, Tom},
  year={2006},
  publisher={Quality Press}
}

@article{trawinski2012nonparametric,
  title={Nonparametric statistical analysis for multiple comparison of machine learning regression algorithms},
  author={Trawi{\'n}ski, Bogdan and Sm{\k{e}}tek, Magdalena and Telec, Zbigniew and Lasota, Tadeusz},
  journal={International Journal of Applied Mathematics and Computer Science},
  volume={22},
  number={4},
  pages={867--881},
  year={2012},
  publisher={Sciendo}
}

@inproceedings{sklearn-api,
  author    = {Lars Buitinck and Gilles Louppe and Mathieu Blondel and
               Fabian Pedregosa and Andreas Mueller and Olivier Grisel and
               Vlad Niculae and Peter Prettenhofer and Alexandre Gramfort
               and Jaques Grobler and Robert Layton and Jake VanderPlas and
               Arnaud Joly and Brian Holt and Ga{\"{e}}l Varoquaux},
  title     = {{API} design for machine learning software: experiences from the scikit-learn
               project},
  booktitle = {ECML PKDD Workshop: Languages for Data Mining and Machine Learning},
  year      = {2013},
  pages = {108--122}
}

@software{alibi,
  title = {Alibi: Algorithms for monitoring and explaining machine learning models},
  author = {Klaise, Janis and Van Looveren, Arnaud and Vacanti, Giovanni and Coca, Alexandru},
  url = {https://github.com/SeldonIO/alibi},
  version = {0.3.2},
  date = {2020-02-17}
}

@misc{aix360-sept-2019,
title = "One Explanation Does Not Fit All: A Toolkit and Taxonomy of AI Explainability Techniques",
author = {Vijay Arya and Rachel K. E. Bellamy and Pin-Yu Chen and Amit Dhurandhar and Michael Hind
and Samuel C. Hoffman and Stephanie Houde and Q. Vera Liao and Ronny Luss and Aleksandra Mojsilovi\'c
and Sami Mourad and Pablo Pedemonte and Ramya Raghavendra and John Richards and Prasanna Sattigeri
and Karthikeyan Shanmugam and Moninder Singh and Kush R. Varshney and Dennis Wei and Yunfeng Zhang},
month = {9},
year = {2019},
url = {https://arxiv.org/abs/1909.03012}
}

@software{rulefit,
  title = {RuleFit},
  author = {Molnar, Christoph},
  url = {https://github.com/christophM/rulefit},
  version = {0.2},
  date = {2017-11-24}
}

@software{skrules,
  title = {SkopeRules},
  author={Gardin, Florian and Gautier, Ronan and Goix, Nicolas and Ndiaye, Bibi and Schertzer, Jean-Matthieu},
  url = {https://github.com/scikit-learn-contrib/skope-rules}
}

@software{bayesian-rules,
    title = {Bayesian Rule Set Mining},
    author = {Zhen Li, Tong Wang},
    url = {https://pypi.org/project/ruleset/},
    year={2017}
}

@inproceedings{fu2004extracting,
  title={Extracting the knowledge embedded in support vector machines},
  author={Fu, Xiuju and Ong, ChongJin and Keerthi, Sathiya and Hung, Gih Guang and Goh, Liping},
  booktitle={2004 IEEE International Joint Conference on Neural Networks (IEEE Cat. No. 04CH37541)},
  volume={1},
  pages={291--296},
  year={2004},
  organization={IEEE}
}

@article{arya2019one,
  title={One explanation does not fit all: A toolkit and taxonomy of ai explainability techniques},
  author={Arya, Vijay and Bellamy, Rachel KE and Chen, Pin-Yu and Dhurandhar, Amit and Hind, Michael and Hoffman, Samuel C and Houde, Stephanie and Liao, Q Vera and Luss, Ronny and Mojsilovi{\'c}, Aleksandra and others},
  journal={arXiv preprint arXiv:1909.03012},
  year={2019}
}

@article{hastie1987generalized,
  title={Generalized additive models: some applications},
  author={Hastie, Trevor and Tibshirani, Robert},
  journal={Journal of the American Statistical Association},
  volume={82},
  number={398},
  pages={371--386},
  year={1987},
  publisher={Taylor \& Francis}
}

@inproceedings{lou2013accurate,
  title={Accurate intelligible models with pairwise interactions},
  author={Lou, Yin and Caruana, Rich and Gehrke, Johannes and Hooker, Giles},
  booktitle={Proceedings of the 19th ACM SIGKDD international conference on Knowledge discovery and data mining},
  pages={623--631},
  year={2013},
  organization={ACM}
}

@InProceedings{pmlr-v97-wei19a,
  title = 	 {Generalized Linear Rule Models},
  author = 	 {Wei, Dennis and Dash, Sanjeeb and Gao, Tian and Gunluk, Oktay},
  booktitle = 	 {Proceedings of the 36th International Conference on Machine Learning},
  pages = 	 {6687--6696},
  year = 	 {2019},
  editor = 	 {Chaudhuri, Kamalika and Salakhutdinov, Ruslan},
  volume = 	 {97},
  series = 	 {Proceedings of Machine Learning Research},
  address = 	 {Long Beach, California, USA},
  month = 	 {9},
  publisher = 	 {PMLR},
  pdf = 	 {http://proceedings.mlr.press/v97/wei19a/wei19a.pdf},
  url = 	 {http://proceedings.mlr.press/v97/wei19a.html},
  abstract = 	 {This paper considers generalized linear models using rule-based features, also referred to as rule ensembles, for regression and probabilistic classification. Rules facilitate model interpretation while also capturing nonlinear dependences and interactions. Our problem formulation accordingly trades off rule set complexity and prediction accuracy. Column generation is used to optimize over an exponentially large space of rules without pre-generating a large subset of candidates or greedily boosting rules one by one. The column generation subproblem is solved using either integer programming or a heuristic optimizing the same objective. In experiments involving logistic and linear regression, the proposed methods obtain better accuracy-complexity trade-offs than existing rule ensemble algorithms. At one end of the trade-off, the methods are competitive with less interpretable benchmark models.}
}

@article{holzinger2019causability,
  title={Causability and explainability of artificial intelligence in medicine},
  author={Holzinger, Andreas and Langs, Georg and Denk, Helmut and Zatloukal, Kurt and M{\"u}ller, Heimo},
  journal={Wiley Interdisciplinary Reviews: Data Mining and Knowledge Discovery},
  volume={9},
  number={4},
  pages={e1312},
  year={2019},
  publisher={Wiley Online Library}
}

@article{tallon2020explainable,
  title={Explainable AI: Using Shapley Value to Explain Complex Anomaly Detection ML-Based Systems},
  author={Tall{\'o}n-Ballesteros, AJ and Chen, C},
  journal={Machine Learning and Artificial Intelligence: Proceedings of MLIS 2020},
  volume={332},
  pages={152},
  year={2020},
  publisher={IOS Press}
}

@Comment{DATA SETS}
@inproceedings{sathe2016lodes,
  title={LODES: Local density meets spectral outlier detection},
  author={Sathe, Saket and Aggarwal, Charu},
  booktitle={Proceedings of the 2016 SIAM International Conference on Data Mining},
  pages={171--179},
  year={2016},
  organization={SIAM}
}
@article{padmanabhan2019physician,
  title={Physician-friendly machine learning: A case study with cardiovascular disease risk prediction},
  author={Padmanabhan, Meghana and Yuan, Pengyu and Chada, Govind and Nguyen, Hien Van},
  journal={Journal of clinical medicine},
  volume={8},
  number={7},
  pages={1050},
  year={2019},
  publisher={Multidisciplinary Digital Publishing Institute}
}
@article{blake1998uci,
  title={UCI repository of machine learning databases},
  author={Blake, Catherine},
  journal={http://www. ics. uci. edu/\~{} mlearn/MLRepository. html},
  year={1998},
  publisher={University of California, Department of Information and Computer Science}
}

@Comment{RULE EXTRACTION PAPERS}
@article{barakat2010rule,
  title={Rule extraction from support vector machines: a review},
  author={Barakat, Nahla and Bradley, Andrew P},
  journal={Neurocomputing},
  volume={74},
  number={1-3},
  pages={178--190},
  year={2010},
  publisher={Elsevier}
}

@article{vilone2020comparative,
  title={A comparative analysis of rule-based, model-agnostic methods for explainable artificial intelligence},
  author={Vilone, Giulia and Rizzo, Lucas and Longo, Luca},
  year={2020},
  publisher={Technological University Dublin}
}

@inproceedings{liu2008isolation,
  title={Isolation forest},
  author={Liu, Fei Tony and Ting, Kai Ming and Zhou, Zhi-Hua},
  booktitle={2008 Eighth IEEE International Conference on Data Mining},
  pages={413--422},
  year={2008},
  organization={IEEE}
}

@inproceedings{breunig2000lof,
  title={LOF: identifying density-based local outliers},
  author={Breunig, Markus M and Kriegel, Hans-Peter and Ng, Raymond T and Sander, J{\"o}rg},
  booktitle={ACM sigmod record},
  volume={29},
  number={2},
  pages={93--104},
  year={2000},
  organization={ACM}
}

@inproceedings{konig2008g,
  title={G-REX: A versatile framework for evolutionary data mining},
  author={Konig, Rikard and Johansson, Ulf and Niklasson, Lars},
  booktitle={2008 IEEE International Conference on Data Mining Workshops},
  pages={971--974},
  year={2008},
  organization={IEEE}
}

@article{barakat2007rule,
  title={Rule extraction from support vector machines: A sequential covering approach},
  author={Barakat, Nahla H and Bradley, Andrew P},
  journal={IEEE Transactions on Knowledge and Data Engineering},
  volume={19},
  number={6},
  pages={729--741},
  year={2007},
  publisher={IEEE}
}

@inproceedings{gurumoorthy2019efficient,
  title={Efficient Data Representation by Selecting Prototypes with Importance Weights},
  author={Gurumoorthy, Karthik S and Dhurandhar, Amit and Cecchi, Guillermo and Aggarwal, Charu},
  booktitle={2019 IEEE International Conference on Data Mining (ICDM)},
  pages={260--269},
  year={2019},
  organization={IEEE}
}

@inproceedings{nunez2002rule,
  title={Rule extraction from support vector machines},
  author={N{\'u}{\~n}ez, Haydemar and Angulo, Cecilio and Catal{\`a}, Andreu},
  booktitle={Esann},
  pages={107--112},
  year={2002}
}

@techreport{arthur2006k,
  title={k-means++: The advantages of careful seeding},
  author={Arthur, David and Vassilvitskii, Sergei},
  year={2006},
  institution={Stanford}
}

@article{ji2013improved,
  title={An improved k-prototypes clustering algorithm for mixed numeric and categorical data},
  author={Ji, Jinchao and Bai, Tian and Zhou, Chunguang and Ma, Chao and Wang, Zhe},
  journal={Neurocomputing},
  volume={120},
  pages={590--596},
  year={2013},
  publisher={Elsevier}
}

@article{hodge2004survey,
  title={A survey of outlier detection methodologies},
  author={Hodge, Victoria and Austin, Jim},
  journal={Artificial intelligence review},
  volume={22},
  number={2},
  pages={85--126},
  year={2004},
  publisher={Springer}
}

@article{alvarez2018robustness,
  title={On the robustness of interpretability methods},
  author={Alvarez-Melis, David and Jaakkola, Tommi S},
  journal={arXiv preprint arXiv:1806.08049},
  year={2018}
}

@article{neto2020explainable,
  title={Explainable Matrix—Visualization for Global and Local Interpretability of Random Forest Classification Ensembles},
  author={Neto, Mario Popolin and Paulovich, Fernando V},
  journal={IEEE Transactions on Visualization and Computer Graphics},
  year={2020},
  publisher={IEEE}
}

@article{ruff2021unifying,
  title={A unifying review of deep and shallow anomaly detection},
  author={Ruff, Lukas and Kauffmann, Jacob R and Vandermeulen, Robert A and Montavon, Gr{\'e}goire and Samek, Wojciech and Kloft, Marius and Dietterich, Thomas G and M{\"u}ller, Klaus-Robert},
  journal={Proceedings of the IEEE},
  year={2021},
  publisher={IEEE}
}

@article{langone2020interpretable,
  title={Interpretable Anomaly Prediction: Predicting anomalous behavior in industry 4.0 settings via regularized logistic regression tools},
  author={Langone, Rocco and Cuzzocrea, Alfredo and Skantzos, Nikolaos},
  journal={Data \& Knowledge Engineering},
  volume={130},
  pages={101850},
  year={2020},
  publisher={Elsevier}
}

@inproceedings{padmaja2015hybrid,
  title={A hybrid rule extraction method for one-class support vector machines},
  author={Padmaja, T Maruthi and Lakshmi, P Jhansi},
  booktitle={2015 IEEE 9th International Conference on Intelligent Systems and Control (ISCO)},
  pages={1--4},
  year={2015},
  organization={IEEE}
}

@article{jaccard1912distribution,
  title={The distribution of the flora in the alpine zone. 1},
  author={Jaccard, Paul},
  journal={New phytologist},
  volume={11},
  number={2},
  pages={37--50},
  year={1912},
  publisher={Wiley Online Library}
}

@article{kauffmann2020towards,
  title={Towards explaining anomalies: a deep Taylor decomposition of one-class models},
  author={Kauffmann, Jacob and M{\"u}ller, Klaus-Robert and Montavon, Gr{\'e}goire},
  journal={Pattern Recognition},
  pages={107198},
  year={2020},
  publisher={Elsevier}
}

@inproceedings{jang2019anomaly,
  title={The Anomaly Detection of 2.4 L Diesel Engine Using One-Class SVM with Variational Autoencoder},
  author={Jang, Gyebong and Cho, Sung-bae},
  booktitle={Annual Conference of the PHM Society},
  volume={11},
  number={1},
  year={2019}
}

@article{itani2020one,
  title={A one-class classification decision tree based on kernel density estimation},
  author={Itani, Sarah and Lecron, Fabian and Fortemps, Philippe},
  journal={Applied Soft Computing},
  volume={91},
  pages={106250},
  year={2020},
  publisher={Elsevier}
}


@article{xiao2014parameter,
  title={Parameter selection of Gaussian kernel for one-class SVM},
  author={Xiao, Yingchao and Wang, Huangang and Xu, Wenli},
  journal={IEEE transactions on cybernetics},
  volume={45},
  number={5},
  pages={941--953},
  year={2014},
  publisher={IEEE}
}

@inproceedings{ma2003time,
  title={Time-series novelty detection using one-class support vector machines},
  author={Ma, Junshui and Perkins, Simon},
  booktitle={Proceedings of the International Joint Conference on Neural Networks, 2003.},
  volume={3},
  pages={1741--1745},
  year={2003},
  organization={IEEE}
}

@inproceedings{scholkopf2000support,
  title={Support vector method for novelty detection},
  author={Sch{\"o}lkopf, Bernhard and Williamson, Robert C and Smola, Alex J and Shawe-Taylor, John and Platt, John C},
  booktitle={Advances in neural information processing systems},
  pages={582--588},
  year={2000}
}

@inproceedings{wang2004anomaly,
  title={Anomaly intrusion detection using one class SVM},
  author={Wang, Yanxin and Wong, Johnny and Miner, Andrew},
  booktitle={Proceedings from the Fifth Annual IEEE SMC Information Assurance Workshop, 2004.},
  pages={358--364},
  year={2004},
  organization={IEEE}
}

@inproceedings{ribeiro2016should,
  title={"Why should i trust you?" Explaining the predictions of any classifier},
  author={Ribeiro, Marco Tulio and Singh, Sameer and Guestrin, Carlos},
  booktitle={Proceedings of the 22nd ACM SIGKDD international conference on knowledge discovery and data mining},
  pages={1135--1144},
  year={2016}
}

@inproceedings{ribeiro2018anchors,
  title={Anchors: High-precision model-agnostic explanations},
  author={Ribeiro, Marco Tulio and Singh, Sameer and Guestrin, Carlos},
  booktitle={Thirty-Second AAAI Conference on Artificial Intelligence},
  year={2018}
}

@article{friedman2008predictive,
  title={Predictive learning via rule ensembles},
  author={Friedman, Jerome H and Popescu, Bogdan E and others},
  journal={The Annals of Applied Statistics},
  volume={2},
  number={3},
  pages={916--954},
  year={2008},
  publisher={Institute of Mathematical Statistics}
}

@inproceedings{wang2015falling,
  title={Falling rule lists},
  author={Wang, Fulton and Rudin, Cynthia},
  booktitle={Artificial Intelligence and Statistics},
  pages={1013--1022},
  year={2015}
}

@article{mitani2020highly,
  title={Highly accurate and explainable detection of specimen mix-up using a machine learning model},
  author={Mitani, Tomohiro and Doi, Shunsuke and Yokota, Shinichiroh and Imai, Takeshi and Ohe, Kazuhiko},
  journal={Clinical Chemistry and Laboratory Medicine (CCLM)},
  volume={58},
  number={3},
  pages={375--383},
  year={2020},
  publisher={De Gruyter}
}

@incollection{NIPS2018_7716,
title = {Boolean Decision Rules via Column Generation},
author = {Dash, Sanjeeb and Gunluk, Oktay and Wei, Dennis},
booktitle = {Advances in Neural Information Processing Systems 31},
editor = {S. Bengio and H. Wallach and H. Larochelle and K. Grauman and N. Cesa-Bianchi and R. Garnett},
pages = {4655--4665},
year = {2018},
publisher = {Curran Associates, Inc.},
url = {http://papers.nips.cc/paper/7716-boolean-decision-rules-via-column-generation.pdf}
}

@Comment{FUEL FACTORS PAPERS}
@inproceedings{aquize2017self,
  title={Self-organizing maps for anomaly detection in fuel consumption. Case study: Illegal fuel storage in Bolivia},
  author={Aquize, Vanessa Gironda and Emery, Eduardo and de Lima Neto, Fernando Buarque},
  booktitle={2017 IEEE Latin American Conference on Computational Intelligence (LA-CCI)},
  pages={1--6},
  year={2017},
  organization={IEEE}
}

@article{zacharof2016review,
  title={Review of in use factors affecting the fuel consumption and CO2 emissions of passenger cars},
  author={Zacharof, N and Fontaras, G and Ciuffo, B and Tsiakmakis, S and Anagnostopoulos, K and Marotta, A and Pavlovic, J},
  journal={European Commission},
  year={2016}
}

@article{waeto2017forecasting,
  title={Forecasting time series movement direction with hybrid methodology},
  author={Waeto, Salwa and Chuarkham, Khanchit and Intarasit, Arthit},
  journal={Journal of Probability and Statistics},
  volume={2017},
  year={2017},
  publisher={Hindawi}
}

@inproceedings{melis2018towards,
  title={Towards robust interpretability with self-explaining neural networks},
  author={Melis, David Alvarez and Jaakkola, Tommi},
  booktitle={Advances in Neural Information Processing Systems},
  pages={7775--7784},
  year={2018}
}

@article{nori2019interpretml,
  title={InterpretML: A Unified Framework for Machine Learning Interpretability},
  author={Nori, Harsha and Jenkins, Samuel and Koch, Paul and Caruana, Rich},
  journal={arXiv preprint arXiv:1909.09223},
  year={2019}
}

@article{watanabe2021cga2mplus,
  title={Constrained Generalized Additive 2 Model with Consideration of High-Order Interactions},
  author={Akihisa, Watanabe and Michiya, Kuramata and Kaito, Majima 
            and Haruka, Kiyohara and Kensyo, Kondo and Kazuhide, Nakata},
  journal={arXiv preprint arXiv:2106.02836},
  year={2021}
}

@article{confalonieritrepan,
  title={Trepan Reloaded: A Knowledge-driven Approach to Explaining Artificial Neural Networks},
  author={Confalonieri, Roberto and Weyde, Tillman and Besold, Tarek R and Mart{\'\i}n, Ferm{\'\i}n Moscoso del Prado},
  journal={European Conference on Artificial Intelligence},
  year={2020}
}

@book{fleet2021trends,
    author       = {Verizon Connect},
    title        = {{Fleet Technology Trends Report}},
    year         = {2021},
    url          = {\\https://www.verizonconnect.com/resources/ebook/fleet-trends-report-2021}
    }
    
@book{national2010technologies,
  title={Technologies and approaches to reducing the fuel consumption of medium-and heavy-duty vehicles},
  author={National Research Council and others},
  year={2010},
  publisher={National Academies Press}
}

@techreport{ISO14230,
type = {Standard},
key = {ISO 14230-4:2000 (en)},
year = {2000},
title = {{Road vehicles — Diagnostic systems — Keyword Protocol 2000}},
institution = {International Organization for Standardization}
}

@article{zhang2017safedrive,
  title={SafeDrive: online driving anomaly detection from large-scale vehicle data},
  author={Zhang, Mingming and Chen, Chao and Wo, Tianyu and Xie, Tao and Bhuiyan, Md Zakirul Alam and Lin, Xuelian},
  journal={IEEE Transactions on Industrial Informatics},
  volume={13},
  number={4},
  pages={2087--2096},
  year={2017},
  publisher={IEEE}
}

@article{zhou2016review,
  title={A review of vehicle fuel consumption models to evaluate eco-driving and eco-routing},
  author={Zhou, Min and Jin, Hui and Wang, Wenshuo},
  journal={Transportation Research Part D: Transport and Environment},
  volume={49},
  pages={203--218},
  year={2016},
  publisher={Elsevier}
}

@INPROCEEDINGS{9072728,
    author={A. A. C. {Illahi} and A. {Bandala} and E. P. {Dadios}},
    booktitle={2019 IEEE 11th International Conference on Humanoid, Nanotechnology, Information Technology, Communication and Control, Environment, and Management ( HNICEM )}, 
    title={Neural Network Modeling for Fuel Consumption Base on Least Computational Cost Parameters}, 
    year={2019},
    volume={},
    number={},
    pages={1-5},
    doi={10.1109/HNICEM48295.2019.9072728}}
    
@ARTICLE{8727915,
    author={P. {Ping} and W. {Qin} and Y. {Xu} and C. {Miyajima} and K. {Takeda}},
    journal={IEEE Access}, 
    title={Impact of Driver Behavior on Fuel Consumption: Classification, Evaluation and Prediction Using Machine Learning}, 
    year={2019},
    volume={7},
    number={},
    pages={78515-78532},
    doi={10.1109/ACCESS.2019.2920489}}
    
@inproceedings{perrotta2017application,
  title={Application of machine learning for fuel consumption modelling of trucks},
  author={Perrotta, Federico and Parry, Tony and Neves, Luis C},
  booktitle={2017 IEEE International Conference on Big Data (Big Data)},
  pages={3810--3815},
  year={2017},
  organization={IEEE}
}

@book{hair2016primer,
  title={A primer on partial least squares structural equation modeling (PLS-SEM)},
  author={Hair Jr, Joseph F and Hult, G Tomas M and Ringle, Christian and Sarstedt, Marko},
  year={2016},
  pages = {209-210},
  publisher={Sage publications}
}

@article{hair2013partial,
  title={Partial least squares structural equation modeling: Rigorous applications, better results and higher acceptance},
  author={Hair, Joseph F and Ringle, Christian M and Sarstedt, Marko},
  journal={Long range planning},
  volume={46},
  number={1-2},
  pages={1--12},
  year={2013}
}

@article{chin1999structural,
  title={Structural equation modeling analysis with small samples using partial least squares},
  author={Chin, Wynne W and Newsted, Peter R},
  journal={Statistical strategies for small sample research},
  volume={1},
  number={1},
  pages={307--341},
  year={1999}
}

@article{de2016mean,
  title={Mean absolute percentage error for regression models},
  author={De Myttenaere, Arnaud and Golden, Boris and Le Grand, B{\'e}n{\'e}dicte and Rossi, Fabrice},
  journal={Neurocomputing},
  volume={192},
  pages={38--48},
  year={2016},
  publisher={Elsevier}
}

@book{lewis1982industrial,
  title={Industrial and business forecasting methods: A practical guide to exponential smoothing and curve fitting},
  author={Lewis, Colin David},
  year={1982},
  publisher={Butterworth-Heinemann}
}

@incollection{wilcoxon1992individual,
  title={Individual comparisons by ranking methods},
  author={Wilcoxon, Frank},
  booktitle={Breakthroughs in statistics},
  pages={196--202},
  year={1992},
  publisher={Springer}
}

@inproceedings{nemeth2019comparison,
  title={The Comparison of Machine-Learning Methods XGBoost and LightGBM to Predict Energy Development},
  author={Nemeth, Martin and Borkin, Dmitrii and Michalconok, German},
  booktitle={Proceedings of the Computational Methods in Systems and Software},
  pages={208--215},
  year={2019},
  organization={Springer}
}

@article{anghel2018benchmarking,
  title={Benchmarking and Optimization of Gradient Boosting Decision Tree Algorithms},
  author={Anghel, Andreea and Papandreou, Nikolaos and Parnell, Thomas and De Palma, Alessandro and Pozidis, Haralampos},
  journal={arXiv preprint arXiv:1809.04559},
  year={2018}
}

@article{carvalho2019machine,
  title={Machine Learning Interpretability: A Survey on Methods and Metrics},
  author={Carvalho, Diogo V and Pereira, Eduardo M and Cardoso, Jaime S},
  journal={Electronics},
  volume={8},
  number={8},
  pages={832},
  year={2019},
  publisher={Multidisciplinary Digital Publishing Institute}
}

@article{hoffman2018metrics,
  title={Metrics for explainable AI: Challenges and prospects},
  author={Hoffman, Robert R and Mueller, Shane T and Klein, Gary and Litman, Jordan},
  journal={\\arXiv preprint arXiv:1812.04608},
  year={2018}
}

@article{kruskal1952use,
  title={Use of ranks in one-criterion variance analysis},
  author={Kruskal, William H and Wallis, W Allen},
  journal={Journal of the American statistical Association},
  volume={47},
  number={260},
  pages={583--621},
  year={1952},
  publisher={Taylor \& Francis Group}
}

@misc{DieselLitresTOCo2,
  author = {Ferrovial},
  title = {Ferrovial - Climate Change 2019},
  howpublished = {\url{https://static.ferrovial.com/wp-content/uploads/2020/06/13124457/cdp-climate-change-2019.pdf}},
  note  = {Accessed: 20-04-2021}
}

@techreport{betageri2016effects,
  title={Effects of Diesel Exhaust Fluid (DEF) Injection Configurations on Deposit Formation in the SCR System of a Diesel Engine},
  author={Betageri, Vikram and Rajagopalan, Mahesh and Murthy, Sandeep Dhakshina and Thondavadi, Ashwin},
  year={2016},
  institution={SAE Technical Paper}
}

@article{chen2015nonlinear,
  title={Nonlinear model predictive control of integrated diesel engine and selective catalytic reduction system for simultaneous fuel economy improvement and emissions reduction},
  author={Chen, Pingen and Wang, Junmin},
  journal={Journal of Dynamic Systems, Measurement, and Control},
  volume={137},
  number={8},
  year={2015},
  publisher={American Society of Mechanical Engineers Digital Collection}
}

@inproceedings{chen2013integrated,
  title={Integrated diesel engine and selective catalytic reduction system active NO x control for fuel economy improvement},
  author={Chen, Pingen and Wang, Junmin},
  booktitle={2013 American control conference},
  pages={2196--2201},
  year={2013},
  organization={IEEE}
}

@article{boriboonsomsin2010analysis,
  title={Analysis of heavy-duty diesel truck activity and fuel economy based on electronic control module data},
  author={Boriboonsomsin, Kanok and Scora, George and Barth, Matthew},
  journal={Transportation research record},
  volume={2191},
  number={1},
  pages={23--33},
  year={2010},
  publisher={SAGE Publications Sage CA: Los Angeles, CA}
}

@article{ping2019impact,
  title={Impact of driver behavior on fuel consumption: Classification, evaluation and prediction using machine learning},
  author={Ping, Peng and Qin, Wenhu and Xu, Yang and Miyajima, Chiyomi and Takeda, Kazuya},
  journal={IEEE Access},
  volume={7},
  pages={78515--78532},
  year={2019},
  publisher={IEEE}
}

@article{andrieu2014evaluation,
  title={Evaluation of ecodriving performances and teaching method: Comparing training and simple advice},
  author={Andrieu, Cindie and Saint Pierre, Guillaume},
  journal={European Journal of Transport and Infrastructure Research},
  volume={14},
  number={3},
  pages={201--213},
  year={2014}
}

@article{pavlovic2020understanding,
  title={Understanding the origins and variability of the fuel consumption gap: Lessons learned from laboratory tests and a real-driving campaign},
  author={Pavlovic, J and Fontaras, G and Ktistakis, M and Anagnostopoulos, K and Komnos, D and Ciuffo, B and Clairotte, M and Valverde, V},
  journal={Environmental Sciences Europe},
  volume={32},
  pages={1--16},
  year={2020},
  publisher={Springer}
}

@inproceedings{lasocki2019environmental,
  title={Environmental effects of driving style: impact on fuel consumption},
  author={Lasocki, Jakub and Boguszewski, Karol},
  booktitle={E3S Web of Conferences},
  volume={100},
  pages={00043},
  year={2019},
  organization={EDP Sciences}
}


@Comment{COMMS SOTA}
@article{ali2020review,
  title={A review of current machine learning approaches for anomaly detection in network traffic},
  author={Ali, Wasim A and Manasa, KN and Bendechache, Malika and Fadhel Aljunaid, Mohammed and Sandhya, P},
  journal={Journal of Telecommunications and the Digital Economy},
  volume={8},
  number={4},
  pages={64--95},
  year={2020}
}

@article{irarrazaval2021telecom,
  title={Telecom traffic pumping analytics via explainable data science},
  author={Irarr{\'a}zaval, Mar{\'\i}a Elisa and Maldonado, Sebasti{\'a}n and P{\'e}rez, Juan and Vairetti, Carla},
  journal={Decision Support Systems},
  volume={150},
  pages={113559},
  year={2021},
  publisher={Elsevier}
}

@inproceedings{iheme2019feature,
  title={Feature Selection for Anomaly Detection in Call Center Data},
  author={Iheme, Leonardo O and Ozan, {\c{S}}{\"u}kr{\"u}},
  booktitle={2019 11th International Conference on Electrical and Electronics Engineering (ELECO)},
  pages={926--929},
  year={2019},
  organization={IEEE}
}

@incollection{gunavathi2019big,
  title={Big data analysis for anomaly detection in telecommunication using clustering techniques},
  author={Gunavathi, C and Swarna Priya, RM and Aarthy, SL},
  booktitle={Information Systems Design and Intelligent Applications},
  pages={111--121},
  year={2019},
  publisher={Springer}
}

@article{fernandes2019comprehensive,
  title={A comprehensive survey on network anomaly detection},
  author={Fernandes, Gilberto and Rodrigues, Joel JPC and Carvalho, Luiz Fernando and Al-Muhtadi, Jalal F and Proen{\c{c}}a, Mario Lemes},
  journal={Telecommunication Systems},
  volume={70},
  number={3},
  pages={447--489},
  year={2019},
  publisher={Springer}
}

@article{barnett1984outliers,
  title={Outliers in statistical data},
  author={Barnett, Vic and Lewis, Toby},
  journal={Wiley Series in Probability and Mathematical Statistics. Applied Probability and Statistics},
  year={1984}
}



